<?xml version="1.0" encoding="UTF-8"?><collection xmlns="http://www.loc.gov/MARC21/slim"><record><leader>00485nam--2200169-i-4500</leader><controlfield tag="001">000047925</controlfield><controlfield tag="002">20161230</controlfield><controlfield tag="005">20161230201046</controlfield><controlfield tag="008">060222s1000------------r-----000-0-fre-d</controlfield><datafield ind1=" " ind2=" " tag="041"><subfield code="a">fre</subfield></datafield><datafield ind1=" " ind2=" " tag="080"><subfield code="a">536.2(043)</subfield></datafield><datafield ind1="1" ind2=" " tag="100"><subfield code="a">Zadworny,Francois</subfield></datafield><datafield ind1="1" ind2="0" tag="245"><subfield code="a">Influence d`impuretes magnetiques sur le conduction thermique a basses temperatures</subfield><subfield code="b">Theses</subfield><subfield code="c">Francois zadworny</subfield></datafield><datafield ind1=" " ind2=" " tag="260"><subfield code="a">Grenoble</subfield><subfield code="b">Universite</subfield><subfield code="c">1965</subfield></datafield><datafield ind1=" " ind2=" " tag="300"><subfield code="a">79P</subfield></datafield><datafield ind1=" " ind2=" " tag="852"><subfield code="a">77042</subfield><subfield code="c">536</subfield></datafield><datafield ind1=" " ind2=" " tag="CAT"><subfield code="a">Sys</subfield><subfield code="c">20110512</subfield><subfield code="h">094340</subfield></datafield></record></collection>